@article{improveBayes2009,
  title={Improving Bayesian isotope mixing models:
  a response to Jackson et al. (2009)},
  author={Brice X. Semmens,Jonathan W.Moore and Eric J. Ward},
  journal={Ecology Letters},
  volume={12},
  number={},
  pages={E6-E8},
  year={2009},
  publisher={Michael Hochberg}
}

@article{problemn-alkanes2007,
  title={Using n-alkanes to estimate diet composition of herbivores: a novel mathematical approach},
  author={P. Barcia, M. N. Bugalho, M. L. Campagnolo and J. O. Cerdeira},
  journal={Animal(2007)},
  volume={1},
  number={},
  pages={141â€“149},
  year={2007},
  publisher={Cambridge University Press}
}

@misc{ curso:latex,
       author = "Michelle Krummel",
       title = "LaTeX Tutorials (featuring Texmaker)",
       year = "2021",
       url = "https://www.youtube.com/watch?v=0ivLZh9xK1Q&list=PL1D4EAB31D3EBC449&ab_channel=MichelleKrummel",
       note = "[Youtube; visto 11-enero-2022]"
}

@misc{ glpk:package,
       author = "Free Software Foundation, Inc.",
       title = "GLPK (GNU Linear Programming Kit)",
       year = "2012",
       url = "https://www.gnu.org/software/glpk/",
       note = "[Intenet; descargado 10-febrero-2022]"
}

@misc{ debian,
       author = "The Debian Project",
       title = "Debian",
       year = "2022",
       url = "https://apps.microsoft.com/store/detail/debian/9MSVKQC78PK6?hl=es-es&gl=ES",
       note = "[Microsoft store; descargado 17-febrero-2022]"
}


@misc{ stack:Compiler,
       author = "Stackoverflow",
       title = "No acceptable C compiler found in \$PATH when installing python",
       year = "2022",
       url = "https://stackoverflow.com/questions/19816275/no-acceptable-c-compiler-found-in-path-when-installing-python",
       note = "[Internet; descargado 20-febrero-2022]"
}


@misc{ Bootstrap:Carousel ,
       author = "Bootstrap",
       title = "Carousel Bootstrap - Angular components",
       year = "2022",
       url = "https://ng-bootstrap.github.io/#/components/carousel/examples",
       note = "[Internet; visto 14-junio-2022]"
}

https://www.w3schools.com/howto/howto_js_topnav.asp
@misc{ Navigation:Bar ,
       author = "w3schools",
       title = "Top Navigation Bar",
       year = "2022",
       url = "https://www.w3schools.com/howto/howto_js_topnav.asp",
       note = "[Internet; visto 12-septiembre-2022]"
}

@misc{ SIAR:Package ,
       author = "Andrew L. Jackson",
       title = "SIAR
       Stable Isotope Analysis in R - package",
       year = "2010",
       url = "https://andrewljackson.github.io/siar/",
       note = "[Internet; visto 26-junio-2022]"
}

CAMBIAR
@article{analyzingMix2018,
  title={Analyzing mixing systems using a new generation of Bayesian tracer mixing models},
  author={},
  journal={},
  volume={},
  number={},
  pages={},
  year={2018},
  publisher={Peer Preprints}
}







@book{koza92,
		author    = "Koza, John R.",
		title     = "Genetic Programming: On the Programming of Computers by Means of Natural Selection",
		publisher = "MIT Press",
		year      = "1992"
}


@misc{ wiki:latex,
       author = "Wikipedia",
       title = "LaTeX --- Wikipedia{,} La enciclopedia libre",
       year = "2015",
       url = "https://es.wikipedia.org/w/index.php?title=LaTeX&oldid=84209252",
       note = "[Internet; descargado 30-septiembre-2015]"
}

@article{bortolot2005,
  title={Estimating forest biomass using small footprint LiDAR data: An individual tree-based approach that incorporates training data},
  author={Bortolot, Zachary J and Wynne, Randolph H},
  journal={ISPRS Journal of Photogrammetry and Remote Sensing},
  volume={59},
  number={6},
  pages={342--360},
  year={2005},
  publisher={Elsevier}
}

@article{errorofMixSIR,
  title={Erroneous behaviour of MixSIR, a recently published Bayesian isotope mixing model: A discussion of Moore \& Semmens (2008) },
  author={Andrew Lloyd Jackson, Richard Inger, Stuart Bearhop and Andrew C Parnell},
  journal={ResearchGate},
  volume={12},
  number={3},
  pages={E1-E5},
  year={2009},
  publisher={Wiley and Centre National de la Recherche Scientifiquer}
}
