@book{koza92,
		author    = "Koza, John R.",
		title     = "Genetic Programming: On the Programming of Computers by Means of Natural Selection",
		publisher = "MIT Press",
		year      = "1992"
}


@misc{ wiki:latex,
       author = "Wikipedia",
       title = "LaTeX --- Wikipedia{,} La enciclopedia libre",
       year = "2015",
       url = "https://es.wikipedia.org/w/index.php?title=LaTeX&oldid=84209252",
       note = "[Internet; descargado 30-septiembre-2015]"
}


@article{problemn-alkanes2007,
  title={Using n-alkanes to estimate diet composition of herbivores: a novel mathematical approach},
  author={P. Barcia, M. N. Bugalho, M. L. Campagnolo and J. O. Cerdeira},
  journal={Animal(2007)},
  volume={1},
  number={},
  pages={141–149},
  year={2007},
  publisher={Cambridge University Press}
}

@misc{ glpk:package,
       author = "Free Software Foundation, Inc.",
       title = "GLPK (GNU Linear Programming Kit)",
       year = "2012",
       howpublished = "\url{https://www.gnu.org/software/glpk/}",
       note = "[Intenet; descargado 10-febrero-2022]"
}

@misc{ indeed:oficial,
       author = "Indeed",
       title = "Web oficial indeed",
       year = "",
       howpublished = "\url{https://es.indeed.com/}",
       note = "[Online]"
}

@misc{ seguridad:social,
       author = "Ministerio de Inclusión , Seguridad Social y Migraciones",
       title = "Web Seguridad Social",
       year = "",
       howpublished = "\url{https://www.seg-social.es/wps/portal/wss/internet/Trabajadores/CotizacionRecaudacionTrabajadores/3653}",
       note = "[Online]"
}

@misc{ gnu:license,
       author = "GNU General Public License",
       title = "GNU General Public License",
       year = "2007",
       howpublished = "\url{https://www.gnu.org/licenses/gpl-3.0.html}",
       note = "[Online]"
}