@web_page{,
   title = {Introducing ZenHub Sprints: Automated Sprint Planning in GitHub},
   url = {https://blog.zenhub.com/introducing-zenhub-sprints/},
}
@web_page{,
   title = {Important changes about Sprints & Milestones - ZenHub changelog},
   url = {https://changelog.zenhub.com/important-changes-about-sprints-milestones-212200},
}
@web_page{Sprint_planning,
   title = {Sprint planning with GitHub and ZenHub},
   url = {https://help.zenhub.com/support/solutions/articles/43000010360-when-to-use-milestones-or-create-a-release-report},
}
